@BOOK{van1979information,
  AUTHOR =       {Van Rijsbergen, C.J.},
  TITLE =        {Information Retrieval},
  PUBLISHER =    {Butterworths},
  YEAR =         {1979},
  edition =      {Second Edition},
}
