@TechReport{hrests,
  author      = "Kopecky, Vitvar, Fensel",
  title       = "hRESTS and MicroWSMO",
  month       = mar,
  url        = "http://www.w3.org/TR/rdfa-syntax",
  year        = "2009",
  type        = "CMS WG Working Draft",
  institution = "CMS"
}
@TechReport{xsparql,
  author      = "Polleres, Krennwallner, Kopecky",
  title       = "XSPARQL Language Specification",
  year        = "2009",
  institution = "Science Foundation Ireland",
}
@TechReport{rdfa,
  author      = "Adida, Birbeck",
  title       = "{RDFa} in XHTML: Syntax and Processing",
  month       = oct,
  url        = "http://www.w3.org/TR/rdfa-syntax",
  year        = "2008",
  type        = "{W3C} Recommendation",
  institution = "W3C"
}
@TechReport{microwsmo,
  author      = "Kopecky, Vitvar",
  title       = "MicroWSMO",
  month       = mar,
  url        = "http://www.wsmo.org/TR/d38/v0.1/",
  year        = "2008",
  type        = "{WSMO} Working Draft",
  institution = "WSMO"
}
@TechReport{wsmolite,
  author      = "Kopecky, Vitvar",
  title       = "WSMO-Lite",
  month       = mar,
  url        = "http://www.wsmo.org/TR/d11/v0.2/",
  year        = "2008",
  type        = "{WSMO} Working Draft",
  institution = "WSMO"
}
@INPROCEEDINGS{Simperl07acoordination,
    author = {Elena Simperl and Reto Krummenacher and Lyndon Nixon},
    title = {A Coordination Model for Triplespace Computing},
    booktitle = {In 9th International Conference on Coordination Models and Languages},
    year = {2007}
}
@TechReport{Connolly:07:GRD,
  author      = "Dan Connolly",
  title       = "Gleaning Resource Descriptions from Dialects of Languages ({GRDDL})",
  month       = sep,
  note        = "http://www.w3.org/TR/2007/REC-grddl-20070911/",
  year        = "2007",
  bibsource   = "http://w2.syronex.com/jmr/w3c-biblio",
  type        = "{W3C} Recommendation",
  institution = "W3C",
}
@book{RichardsonRuby07,
  address = {Sebastopol, CA, USA},
  author = {Leonard Richardson and Sam Ruby},
  interHash = {990343ac0d056dad54cf06e7c6a1d2e1},
  intraHash = {a331d881118c83e0a31d45159f5f5850},
  publisher = {O'Reilly},
  title = {RESTful Web Services},
  year = {2007},
  timestamp = {2008.05.01},
  isbn = {0-596-52926-0},
  owner = {flint}
}
@TechReport{Lausen:07:SAW,
  author      = "Holger Lausen and Joel Farrell",
  title       = "Semantic Annotations for {WSDL} and {XML} Schema",
  month       = aug,
  note        = "http://www.w3.org/TR/2007/REC-sawsdl-20070828/",
  year        = "2007",
  bibsource   = "http://w2.syronex.com/jmr/w3c-biblio",
  type        = "{W3C} Recommendation",
  institution = "W3C",
}
@TechReport{json,
  author      = "Crockford",
  title       = "Request for Comment: 4627 (JSON)",
  year        = "2006",
  url         = "http://www.ietf.org/rfc/rfc4627.txt",
  type        = "{IETF} RFC",
  institution = "IETF",
}
@book{ISBN:3540345191,
  address = {Heidelberg},
  editor = {Dieter Fensel and Holger Lausen and Axel Polleres and Jos De Bruijn and Michael Stollberg and Dumitru Roman and John Domingue},
  interHash = {69c0ab068e3726b3c5069d60cac01848},
  intraHash = {b501868fd058b4595616332281f6cff6},
  publisher = {Springer-Verlag},
  title = {Enabling Semantic Web Services: The Web Service Modeling Ontology},
  year = {2006},
  isbn = {3540345191},
  seealso = {http://www4.wiwiss.fu-berlin.de/bookmashup/books/3540345191}
}
@article{journals/jss/JohansonF04,
  author = {Brad Johanson and Armando Fox},
  interHash = {5132f3d4c6d509c800d88263acb009a2},
  intraHash = {e6fac4e51e168b8187ca1516be5a6504},
  journal = {Journal of Systems and Software},
  number = {3},
  pages = {243-266},
  title = {Extending tuplespaces for coordination in interactive workspaces.},
  url = {http://dblp.uni-trier.de/db/journals/jss/jss69.html#JohansonF04},
  volume = {69},
  year = {2004},
  ee = {http://dx.doi.org/10.1016/S0164-1212(03)00054-2},
  date = {2003-12-10}
}
@TechReport{Dean:04:OWO,
  author      = "Mike Dean and Guus Schreiber",
  title       = "{OWL} Web Ontology Language Reference",
  month       = feb,
  note        = "http://www.w3.org/TR/2004/REC-owl-ref-20040210/",
  year        = "2004",
  bibsource   = "http://w2.syronex.com/jmr/w3c-biblio",
  type        = "{W3C} Recommendation",
  institution = "W3C"
}
@TechReport{Brickley:04:RVD,
  author      = "Dan Brickley and Ramanathan V. Guha",
  title       = "{RDF} Vocabulary Description Language 1.0: {RDF} Schema",
  month       = feb,
  note        = "http://www.w3.org/TR/2004/REC-rdf-schema-20040210/",
  year        = "2004",
  bibsource   = "http://w2.syronex.com/jmr/w3c-biblio",
  type        = "{W3C} Recommendation",
  institution = "W3C"
}
@TechReport{rdfxml,
  author      = "Beckett, McBride",
  title       = "RDF/XML Syntax Specification",
  month       = feb,
  url        = "http://www.w3.org/TR/rdf-syntax-grammar/",
  year        = "2004",
  type        = "{W3C} Recommendation",
  institution = "W3C"
}
@TechReport{Hayes:04:RS,
  author      = "Patrick Hayes",
  title       = "{RDF} Semantics",
  month       = feb,
  url        = "http://www.w3.org/TR/2004/REC-rdf-mt-20040210/",
  year        = "2004",
  type        = "{W3C} Recommendation",
  institution = "W3C",
}
@article{FieldingTaylor02toit,
  author = {Roy T. Fielding and Richard N. Taylor},
  interHash = {474a8816c6d843f2a27d4f0f25423759},
  intraHash = {9b110c817d00634d38e5a4e0b418bc40},
  journal = {ACM Transactions on Internet Technology},
  number = {2},
  pages = {115-150},
  title = {Principled Design of the Modern Web Architecture},
  url = {http://dx.doi.org/10.1145/514183.514185},
  volume = {2},
  year = {2002},
  timestamp = {2009.05.08},
  issn = {1533-5399},
  file = {ACM Digital Library:2002/FieldingTaylor02toit.pdf:PDF},
  owner = {flint}
}
@phdthesis{Fiel00,
  address = {Irvine, California},
  author = {Roy Thomas Fielding},
  interHash = {833ffb7e240120036017a40097125555},
  intraHash = {c865fb78abb41c54c78fdfe6c03de736},
  school = {{University of California, Irvine}},
  title = {Architectural Styles and the Design of Network-based Software Architectures},
  url = {http://www.ics.uci.edu/~fielding/pubs/dissertation/top.htm},
  year = {2000},
  topic = {rest[1]},
  uri = {http://www.ics.uci.edu/~fielding/pubs/dissertation/top.htm}
}
@INPROCEEDINGS{chan08chor,
    author = {Yang Hongli, Cai Chao, Peng Liyang},
    title = {Reasoning about Channel Passing in Choreography},
    booktitle = {In International Symposioum on Theoretical Aspects of Software Engineering},
    year = {2008},
    pages = {135--142}
}
@TECHREPORT{w3cwsdl2,
	author = {Chinnici, Haas, Lewis},
	month = {June},
	organization = {W3C},
	title = {Web Services Description Language (WSDL) Version 2.0 Part 2: Adjuncts},
	url = {http://www.w3.org/TR/wsdl20-adjuncts/},
	year = {2007}
}
@INPROCEEDINGS{Lapadula07acalculus,
    author = {Ro Lapadula and Rosario Pugliese and Francesco Tiezzi},
    title = {A calculus for orchestration of web services},
    booktitle = {In ESOP, volume 4421 of LNCS},
    year = {2007},
    pages = {33--47},
    publisher = {Springer}
}
@TechReport{xquery,
  author      = "J\'{e}r\^{o}me Sim\'{e}on and Don Chamberlin and Daniela Florescu and Scott Boag and Mary F. Fern\'{a}ndez and Jonathan Robie",
  title       = "{XQuery} 1.0: An {XML} Query Language",
  month       = jan,
  note        = "http://www.w3.org/TR/2007/REC-xquery-20070123/",
  year        = "2007",
  bibsource   = "http://w2.syronex.com/jmr/w3c-biblio",
  type        = "{W3C} Recommendation",
  institution = "W3C",
}
@TECHREPORT{wadl,
	author = {Hadley},
	month = {November},
	organization = {SUN Microsystems},
	title = {Web Application Description Language (WADL)},
	url = {https://wadl.dev.java.net/wadl20061109.pdf},
	year = {2007}
}
@INPROCEEDINGS{Lucchi05api-calculus,
    author = {Roberto Lucchi and Manuel Mazzara},
    title = {A pi-calculus based semantics for ws-bpel},
    booktitle = {Journal of Logic and Algebraic Programming},
    year = {2005},
    pages = {2006},
    publisher = {Elsevier press}
}
@TECHREPORT{wsdls,
  author      = "Rama Akkiraju, Joel Farrell, John Miller",
  title       = "Web Service Semantics - WSDL-S",
  month       = nov,
  note        = "http://www.w3.org/Submission/WSDL-S/",
  year        = "2005",
  type        = "Member Submission",
  institution = "W3C"
}
@TECHREPORT{wsmx,
	author = {Cimpian, Zaremba},
	month = {June},
	organization = {W3C},
	title = {Web Service Execution Environment (WSMX)},
	url = {http://www.w3.org/Submission/WSMX/},
	year = {2005}
}
@TECHREPORT{wsml,
	author = {Bruijn, Lausen},
	month = {June},
	organization = {W3C},
	title = {Web Service Modeling Language (WSML)},
	url = {http://www.w3.org/Submission/WSML/},
	year = {2005}
}
@TECHREPORT{swsf,
  author      = "Steve Battle, Abraham Bernstein, Harold Boley et alt",
  title       = "Semantic Web Services Framework (SWSF)",
  month       = may,
  note        = "http://www.w3.org/Submission/2005/07/",
  year        = "2005",
  type        = "Sumbission Request",
  institution = "W3C"
}
@TECHREPORT{wsmo,
  author      = "Holger Lausen, Axel Polleres and Dumitru Roman",
  title       = "Web Service Modeling Ontology (WSMO)",
  month       = jun,
  note        = "http://www.w3.org/Submission/WSMO/",
  year        = "2005",
  type        = "Member Sumbission",
  institution = "W3C"
}
@TECHREPORT{owls,
  author      = "David Martin, Mark Burstein, Jerry Hobbs et alt.",
  title       = "OWL-S: Semantic Markup for Web Services",
  month       = nov,
  note        = "http://www.w3.org/Submission/OWL-S/",
  year        = "2004",
  type        = "Member Sumbission",
  institution = "W3C"
}
@TECHREPORT{Burdett:05:WSC,
  author      = "David Burdett and Yves Lafon and Tony Fletcher and Greg Ritzinger and Charlton Barreto and Nickolas Kavantzas",
  title       = "Web Services Choreography Description Language Version 1.0",
  month       = nov,
  note        = "http://www.w3.org/TR/2005/CR-ws-cdl-10-20051109/",
  year        = "2005",
  bibsource   = "http://w2.syronex.com/jmr/w3c-biblio",
  type        = "Candidate Recommendation",
  institution = "W3C"
}
@INPROCEEDINGS{Fu04analysisof,
    author = {Xiang Fu and Tevfik Bultan and Jianwen Su},
    title = {Analysis of Interacting BPEL Web Services},
    booktitle = {},
    year = {2004},
    pages = {621--630},
    publisher = {ACM Press}
}
@INPROCEEDINGS{Fensel04triple-spacecomputing:,
    author = {D. Fensel},
    title = {Triple-space computing: Semantic Web Services based on persistent publication of information},
    booktitle = {In IFIP International Conf. on Intelligence in Communication Systems},
    year = {2004},
    pages = {43--53},
    publisher = {Springer-Verlag}
}
@TECHREPORT{w3cwsdl,
	author = {Christensen, Erik and Curbera, Francisco and Meredith, Greg and Weerawarana, Sanjiva},
	citeulike-article-id = {99946},
	citeulike-linkout-0 = {http://www.w3.org/TR/wsdl},
	keywords = {diplomarbeit, webservices, wsdl},
	month = {March},
	organization = {W3C},
	posted-at = {2008-04-25 09:52:09},
	priority = {2},
	title = {Web Service Definition Language (WSDL)},
	url = {http://www.w3.org/TR/wsdl},
	year = {2001}
}
@TECHREPORT{Sewell00appliedpi;,
    author = {Peter Sewell},
    title = {Applied pi; - A Brief Tutorial},
    institution = {},
    year = {2000}
}
@BOOK{Milner99communicating,
    author = {Robin Milner},
    title = {Communicating and Mobile Systems: the Pi-Calculus},
    institution = {Cambridge University Press},
    year = {1999}
}
@TechReport{xslt,
  author      = "James Clark",
  title       = "{XSL} Transformations ({XSLT}) Version 1.0",
  month       = nov,
  note        = "http://www.w3.org/TR/1999/REC-xslt-19991116",
  year        = "1999",
  bibsource   = "http://w2.syronex.com/jmr/w3c-biblio",
  type        = "{W3C} Recommendation",
  institution = "W3C",
}
@TECHREPORT{xpath,
  author      = "Clark, DeRose",
  title       = "XML Path Language (XPath)",
  month       = nov,
  note        = "http://www.w3.org/TR/xpath",
  year        = "1999",
  type        = "W3C REcommendation",
  institution = "W3C"
}
@TECHREPORT{Tutorial91thepolyadic,
    author = {Robin Milner},
    title = {The Polyadic Pi-Calculus},
    institution = {Logic and Algebra of Specification},
    year = {1991}
}
@ARTICLE{Milner89acalculus,
    author = {Robin Milner and Joachim Parrow and David Walker},
    title = {A Calculus of Mobile Processes, Part I},
    journal = {I and II. Information and Computation},
    year = {1989},
    volume = {100}
}
@MISC{Milner89acalculusb,
    author = {Robin Milner and Joachim Parrow and David Walker},
    title = {A Calculus of Mobile Processes, Part II},
    year = {1989}
}
@ARTICLE{Gelernter85generativecommunication,
    author = {David Gelernter},
    title = {Generative communication in Linda},
    journal = {ACM Transactions on Programming Languages and Systems},
    year = {1985},
    volume = {7},
    pages = {80--112}
}